@book{bening2002generalized,
  title={Generalized Poisson models and their applications in insurance and finance},
  author={Bening, Vladimir E and Korolev, Victor Yu},
  year={2002},
  publisher={Walter de Gruyter}
}

@book{jaynes2003probability,
  title={Probability theory: The logic of science},
  author={Jaynes, Edwin T},
  year={2003},
  publisher={Cambridge university press}
}

@article{lindley_approximate_1980,
	title = {Approximate {Bayesian} methods},
	volume = {31},
	issn = {0041-0241},
	url = {http://link.springer.com.eaccess.ub.tum.de/article/10.1007/BF02888353},
	doi = {10.1007/BF02888353},
	abstract = {Summary This paper develops asymptotic expansions for the ratios of integrals that occur in Bayesian analysis: for example, the posterior mean. The first term omitted isO(n −2) and it is shown how the termO(n −1) can be of importance.},
	language = {en},
	number = {1},
	urldate = {2016-02-03},
	journal = {Trabajos de Estadistica Y de Investigacion Operativa},
	author = {Lindley, D. V.},
	month = feb,
	year = {1980},
	keywords = {Asymptotic Expansions, Bayesian Methods, One-Way Analysis of Variance, Posterior Moments, Statistics, general, Steepest Descent},
	pages = {223--245},
	file = {Full Text PDF:/home/beaujean/.mozilla/firefox/gt49z0j7.default-1445204018110/zotero/storage/QMC8UBHS/Lindley - 1980 - Approximate Bayesian methods.pdf:application/pdf;Snapshot:/home/beaujean/.mozilla/firefox/gt49z0j7.default-1445204018110/zotero/storage/HNAJEP9T/BF02888353.html:text/html}
}
@article{minka2002estimating,
  title={Estimating a Gamma distribution},
  author={Minka, Thomas P},
  journal={Microsoft Research, Cambridge, UK, Tech. Rep},
  year={2002}
}

@article{moala2013bayesian,
  title={Bayesian inference for two-parameter gamma distribution assuming different noninformative priors},
  author={Moala, Fernando Antonio and Ramos, Pedro Luiz and Achcar, Jorge Alberto},
  journal={Revista Colombiana de Estad{\'\i}stica},
  volume={36},
  pages={321--338},
  year={2013}
}

@article{stuart1994kendall,
  title={Kendall’s Advanced Theory of Statistics, Volume I: Distribution Theory},
  author={Stuart, Alan and Ord, J Keith},
  journal={Arnold London},
  year={1994}
}


@article{tierney_accurate_1986,
	title = {Accurate approximations for posterior moments and marginal densities},
	volume = {81},
	url = {http://amstat.tandfonline.com/doi/abs/10.1080/01621459.1986.10478240},
	number = {393},
	urldate = {2016-01-20},
	journal = {Journal of the american statistical association},
	author = {Tierney, Luke and Kadane, Joseph B.},
	year = {1986},
	pages = {82--86},
}