@article{Aggarwal:2011aa,
      author         = "Aggarwal, R. and Caldwell, A.",
      title          = "{Error Bars for Distributions of Numbers of Events}",
      journal        = "Eur.Phys.J.Plus",
      volume         = "127",
      pages          = "24",
      doi            = "10.1140/epjp/i2012-12024-0",
      year           = "2012",
      eprint         = "1112.2593",
      archivePrefix  = "arXiv",
      primaryClass   = "physics.data-an",
      SLACcitation   = "%%CITATION = ARXIV:1112.2593;%%",
}


@book{bishop_pattern_2006,
	title = {Pattern recognition and machine learning},
	volume = {1},
	publisher = {springer New York},
	author = {Bishop, Christopher M. and Nasrabadi, Nasser M.},
	year = {2006},
}