@article{minka2002estimating,
  title={Estimating a Gamma distribution},
  author={Minka, Thomas P},
  journal={Microsoft Research, Cambridge, UK, Tech. Rep},
  year={2002}
}

@article{moala2013bayesian,
  title={Bayesian inference for two-parameter gamma distribution assuming different noninformative priors},
  author={Moala, Fernando Antonio and Ramos, Pedro Luiz and Achcar, Jorge Alberto},
  journal={Revista Colombiana de Estad{\'\i}stica},
  volume={36},
  pages={321--338},
  year={2013}
}

@article{stuart1994kendall,
  title={Kendallâ€™s Advanced Theory of Statistics, Volume I: Distribution Theory},
  author={Stuart, Alan and Ord, J Keith},
  journal={Arnold London},
  year={1994}
}


@article{tierney_accurate_1986,
	title = {Accurate approximations for posterior moments and marginal densities},
	volume = {81},
	url = {http://amstat.tandfonline.com/doi/abs/10.1080/01621459.1986.10478240},
	number = {393},
	urldate = {2016-01-20},
	journal = {Journal of the american statistical association},
	author = {Tierney, Luke and Kadane, Joseph B.},
	year = {1986},
	pages = {82--86},
}